 @misc{ enwiki:1020063620,
    author = "{Wikipedia contributors}",
    title = "Natural language processing --- {Wikipedia}{,} The Free Encyclopedia",
    year = "2021",
    howpublished = "\url{https://en.wikipedia.org/w/index.php?title=Natural_language_processing&oldid=1020063620}",
    note = "[Online; accessed 5-May-2021]"
}

@article{richardson2006markov,
  title={Markov logic networks},
  author={Richardson, Matthew and Domingos, Pedro},
  journal={Machine learning},
  volume={62},
  number={1-2},
  pages={107--136},
  year={2006},
  publisher={Springer}
}

@inproceedings{Gardner2017AllenNLP,
  title={AllenNLP: A Deep Semantic Natural Language Processing Platform},
  author={Matt Gardner and Joel Grus and Mark Neumann and Oyvind Tafjord
    and Pradeep Dasigi and Nelson F. Liu and Matthew Peters and
    Michael Schmitz and Luke S. Zettlemoyer},
  year={2017},
  Eprint = {arXiv:1803.07640},
}

@book{grinberg2018flask,
  title={Flask web development: developing web applications with python},
  author={Grinberg, Miguel},
  year={2018},
  publisher={" O'Reilly Media, Inc."}
}

@Misc{pracmln,
    author =    {Daniel Nyga and Mareike Picklum and Michael Beetz and others},
    title =     {{pracmln} -- Markov logic networks in {Python}},
    year =      {2013--},
    url = "http://www.pracmln.org/",
    note = {[Online; accessed <date>]}
}